@article {LingLi,
author = {Jason D. Lee, Dennis L. Sun, Yuekai Sun and Jonathan E. Taylor},
title = {Exact post-selection inference, with application to the lasso},
journal = {Annals of Statistics},
volume = {44},
number = {3},
pages = {907-927},
doi = {10.1214/15-AOS1371},
year = {2016},
}

@book {TSTM,
title = {Time Series: Theory and Methods},
author = {Peter J. Brockwell and Richard A. Davis},
publisher = {Springer Series in Statistics},
year = {1991},
}

@article{AICC,
author = {Clifford M. Hurvich and Chin-Ling Tsai},
title = {Regression and time series model selection in small samples}, 
journal = {Biometrika}, 
volume ={76}, 
issue= {2}, 
number = {1},
month={ June},
year={ 1989}, 
pages ={297-307} 

}

@article{LBtest,
author = {G. M. Ljung and G. E. P. Box},
year = {1978},
volumn = {65},
number = {2},
pages = {297-303},
journal = {Biometrika}
}

@article{BP,
  Author = {G. E. P. Boxand David A. Pierce},
  Title = {Distribution of residual autocorrelations in autoregressive-integrated moving average time series models},
  Journal = {Journal of the American Statistical Association},
  Year = {1970},
  Number = {332},
  Pages = {1509--1526},
  Volume = {65}
}

@article{Anderson1,
 ISSN = {00034851},
 URL = {http://www.jstor.org/stable/2236157},
 author = {R. L. Anderson},
 journal = {The Annals of Mathematical Statistics},
 number = {1},
 pages = {1--13},
 publisher = {Institute of Mathematical Statistics},
 title = {Distribution of the Serial Correlation Coefficient},
 volume = {13},
 year = {1942}
}

@article{Anderson2,
 ISSN = {00034851},
 URL = {http://www.jstor.org/stable/2238257},
 author = {T. W. Anderson and A. M. Walker},
 journal = {The Annals of Mathematical Statistics},
 number = {3},
 pages = {1296--1303},
 publisher = {Institute of Mathematical Statistics},
 title = {On the Asymptotic Distribution of the Autocorrelations of a Sample from a Linear Stochastic Process},
 volume = {35},
 year = {1964}
}


@article{tian2015selective,
  title={Selective inference with unknown variance via the square-root lasso},
  author={Tian, Xiaoying and Loftus, Joshua R and Taylor, Jonathan E},
  journal={arXiv preprint arXiv:1504.08031},
  year={2015}
}